@article{DBLP:journals/pc/TeodoroPKKCS13,
  author    = {George Teodoro and
               Tony Pan and
               Tahsin M. Kur{\c{c}} and
               Jun Kong and
               Lee A. D. Cooper and
               Joel H. Saltz},
  title     = {Efficient irregular wavefront propagation algorithms on hybrid {CPU-GPU}
               machines},
  journal   = {PARALLEL COMPUTING},
  volume    = {39},
  number    = {4-5},
  pages     = {189--211},
  year      = {2013},
  url       = {https://doi.org/10.1016/j.parco.2013.03.001},
  doi       = {10.1016/j.parco.2013.03.001},
  timestamp = {Sat, 27 May 2017 14:23:18 +0200},
  biburl    = {http://dblp.org/rec/bib/journals/pc/TeodoroPKKCS13},
  bibsource = {dblp computer science bibliography, http://dblp.org}
}

@article{DBLP:journals/ijhpca/SaltzTPCKKK13,
  author    = {Joel H. Saltz and
               George Teodoro and
               Tony Pan and
               Lee A. D. Cooper and
               Jun Kong and
               Scott Klasky and
               Tahsin M. Kur{\c{c}}},
  title     = {Feature-based analysis of large-scale spatio-temporal sensor data
               on hybrid architectures},
  journal   = {{IJHPCA}},
  volume    = {27},
  number    = {3},
  pages     = {263--272},
  year      = {2013},
  url       = {https://doi.org/10.1177/1094342013488260},
  doi       = {10.1177/1094342013488260},
  timestamp = {Fri, 26 May 2017 22:51:38 +0200},
  biburl    = {http://dblp.org/rec/bib/journals/ijhpca/SaltzTPCKKK13},
  bibsource = {dblp computer science bibliography, http://dblp.org}
}

@article{DBLP:journals/bmcbi/KurcQWWTCNLSF15,
  author    = {Tahsin M. Kur{\c{c}} and
               Xin Qi and
               Daihou Wang and
               Fusheng Wang and
               George Teodoro and
               Lee A. D. Cooper and
               Michael Nalisnik and
               Zhi{-}Yang Li and
               Joel H. Saltz and
               David J. Foran},
  title     = {{Scalable analysis of Big pathology image data cohorts using efficient
               methods and high-performance computing strategies}},
  journal   = {{BMC} BIOINFORMATICS},
  volume    = {16},
  pages     = {399:1--399:21},
  year      = {2015},
  url       = {https://doi.org/10.1186/s12859-015-0831-6},
  doi       = {10.1186/s12859-015-0831-6},
  timestamp = {Fri, 26 May 2017 22:52:14 +0200},
  biburl    = {http://dblp.org/rec/bib/journals/bmcbi/KurcQWWTCNLSF15},
  bibsource = {dblp computer science bibliography, http://dblp.org}
}


@article{doi:10.1177/1094342015594519,
author = {George Teodoro and Tahsin Kurc and Guilherme Andrade and Jun Kong and Renato Ferreira and Joel Saltz},
title ={Application performance analysis and efficient execution on systems with multi-core CPUs, GPUs and MICs: a case study with microscopy image analysis},
journal = {THE INTERNATIONAL JOURNAL OF HIGH PERFORMANCE COMPUTING APPLICATIONS},
volume = {31},
number = {1},
pages = {32-51},
year = {2017},
doi = {10.1177/1094342015594519},
    note ={PMID: 28239253},
}
@article {CPE:CPE4425,
author = {Gomes, Jeremias and de Melo, Alba C. M. A. and Kong, Jun and Kurc, Tahsin and Saltz, Joel H. and Teodoro, George},
title = {{Cooperative and out-of-core execution of the irregular wavefront propagation pattern on hybrid machines with Intel® Xeon Phi™}},
journal = {CONCURRENCY AND COMPUTATION: PRACTICE AND EXPERIENCE},
issn = {1532-0634},
url = {http://dx.doi.org/10.1002/cpe.4425},
doi = {10.1002/cpe.4425},
pages = {e4425--n/a},
keywords = {Fill Holes, Intel® Xeon Phi™, Irregular Algorithm Propagation Pattern, Morphological Reconstruction},
note = {e4425 cpe.4425},
}


@inproceedings{cluster09george,
	author = {George Teodoro and Rafael Sachetto and Olcay Sertel and Metin Gurcan and Wagner Meira Jr. and Umit Catalyurek and Renato Ferreira},
	title = {Coordinating the Use of {GPU} and {CPU} for Improving Performance of Compute Intensive Applications},
	booktitle ={IEEE CLUSTER},
	year = {2009},
}



@inproceedings{Teodoro:2014:CPA:2650283.2650645,
 author = {Teodoro, George and Kurc, Tahsin and Kong, Jun and Cooper, Lee and Saltz, Joel},
 title = {{Comparative Performance Analysis of Intel (R) Xeon Phi (TM), GPU, and CPU: A Case Study from Microscopy Image Analysis}},
 booktitle = {IEEE 28TH INTERNATIONAL PARALLEL AND DISTRIBUTED PROCESSING SYMPOSIUM (IPDPS)},
 year = {2014},
 isbn = {978-1-4799-3800-1},
 numpages = {10},
 doi = {10.1109/IPDPS.2014.111},
 acmid = {2650645},
} 

@article{teodoro2012fast,
  title={{A fast parallel implementation of queue-based morphological reconstruction using GPUs}},
  author={Teodoro, George and Pan, Tony and Kurc, Tahsin M and Cooper, Lee and Kong, Jun and Saltz, Joel H},
  journal={Emory University, Center for Comprehensive Informatics Technical Report CCI-TR-2012-2},
  year={2012}
}

@inproceedings{Anacona-Mosquera:2017,
 author = {Oscar Anacona-Mosquera and Gustavo Vinhal and Renato C. Sampaio and George Teodoro and Ricardo P. Jacobi and Carlos H. Llanos},
 title = {{Efficient Hardware Implementation of Morphological Reconstruction based on Sequential Reconstruction Algorithm}},
 booktitle = {30th Symposium on Integrated Circuits and Systems Design (SBCCI)},
 year = {2017},
 numpages = {6},
} 

@inproceedings{DBLP:conf/bibm/KongWTCMKPSB13,
  author    = {Jun Kong and
               Fusheng Wang and
               George Teodoro and
               Lee A. D. Cooper and
               Carlos S. Moreno and
               Tahsin M. Kur{\c{c}} and
               Tony Pan and
               Joel H. Saltz and
               Daniel J. Brat},
  title     = {High-performance computational analysis of glioblastoma pathology
               images with database support identifies molecular and survival correlates},
  booktitle = {{IEEE} INTERNATIONAL CONFERENCE ON BIOINFORMATICS AND BIOMEDICINE},
  year      = {2013},
  doi       = {10.1109/BIBM.2013.6732495},
  timestamp = {Thu, 05 Jun 2014 18:07:41 +0200},
  biburl    = {http://dblp.uni-trier.de/rec/bib/conf/bibm/KongWTCMKPSB13},
  bibsource = {dblp computer science bibliography, http://dblp.org}
}
@inproceedings{Teodoro-IPDPS2013,
 author = {George Teodoro and Tony Pan and Tahsin M. Kurc and Jun Kong and Lee A.D. Cooper and Norbert Podhorszki and Scott Klasky and Joel H. Saltz},
 title = {{High-throughput Analysis of Large Microscopy Image Datasets on CPU-GPU Cluster Platforms}},
 booktitle = {IPDPS '13: PROCEEDINGS OF THE 2013 IEEE International Symposium on Parallel and Distributed Processing},
 year = {2013},
 location = "{Boston, USA}",
}

@book{sa,
  address = {Chichester, England ; Hoboken, NJ},
  title = {Global sensitivity analysis: the primer},
  isbn = {978-0-470-05997-5},
  shorttitle = {Global sensitivity analysis},
  publisher = {WILEY},
  editor = {Saltelli, A.},
  year = {2008},
  note = {OCLC: ocn180852094},
  keywords = {Global analysis (Mathematics), Mathematical models, Sensitivity theory (Mathematics)},
  file = {A_Saltelli_Marco_Ratto_Terry_Andres_Francesca_Campolongo_Jessica_Cariboni_Debora_Gatelli_Michaela_Saisana_Stefano_Tarantola_Global_Sensitivity_Analysis_The_Primer_Wiley_Interscience_2008_.pdf:C\:\\Users\\willian\\Zotero\\storage\\LGPWXUMC\\A_Saltelli_Marco_Ratto_Terry_Andres_Francesca_Campolongo_Jessica_Cariboni_Debora_Gatelli_Michaela_Saisana_Stefano_Tarantola_Global_Sensitivity_Analysis_The_Primer_Wiley_Interscience_2008_.pdf:application/pdf}
}

@book{sa2,
  location = {Hoboken, {NJ}},
  title = {Sensitivity analysis in practice: a guide to assessing scientific models},
  isbn = {978-0-470-87093-8},
  shorttitle = {Sensitivity analysis in practice},
  pagetotal = {219},
  publisher = {WILEY},
  editor = {Saltelli, A.},
  date = {2004},
  keywords = {Sensitivity theory (Mathematics), {SIMLAB}, Simulation methods},
  file = {1_5032967618051440655.pdf:/home/will/Zotero/storage/N3RN77BF/1_5032967618051440655.pdf:application/pdf}
}

@article{instr1,
  author = {H. L. Truong and P. Brunner and V. Nae, T. Fahringer},
  title = {Dipas: A distributed performance analysis service for grid service-based workflows},
  journal = {FUTURE GENERATION COMP. SYST},
  year = {2009},
  volume = {25},
  number = {4},
  pages = {385--398}
}

@article{instr2,
  author = {M. Geimer and S. Shende and A. D. Malony and F. Wolf},
  title = {A generic and configurable source-code instrumentation component},
  journal = {P. M. A. SLOOT (EDS.), ICCS},
  year = {2009},
  volume = {5545},
  number = {2},
  pages = {696--705}
}

@article{instr3,
  author = {Kn\"upfer, Andreas and Kranzlm\"uller, Dieter and Mohr, Bernd and Nagel, Wolfgang},
year = {2006},
month = {01},
pages = {223},
journal = {PROCEEDINGS OF THE ACM/IEEE SC2006 CONFERENCE ON HIGH PERFORMANCE NETWORKING AND COMPUTING},
title = {M09 - Program analysis tools for massively parallel applications: how to achieve highest performance.}
}

@article{mem_cost,
author = { G. Barthe and M. Pavlova and G. Schneider},
year = {2005},
month = {09},
journal = {SOFTWARE ENGINEERING AND FORMAL METHODS},
title = {Precise analysis of memory consumption using program logics.}
}

@inproceedings{barreiros_parallel_2017,
	title = {Parallel and {Efficient} {Sensitivity} {Analysis} of {Microscopy} {Image} {Segmentation} {Workflows} in {Hybrid} {Systems}},
	isbn = {978-1-5386-2326-8},
	doi = {10.1109/CLUSTER.2017.28},
	publisher = {IEEE CLUSTER 2017},
	author = {Barreiros, Willian and Teodoro, George and Kurc, Tahsin and Kong, Jun and Melo, Alba C. M. A. and Saltz, Joel},
	year = {2017},
	pages = {25--35}
}

@article{motiv1,
  author = {J. Kong and L. A. D. Cooper and F. Wang and J. Gao and G. Teodoro and T. Mikkelsen and M. J. Schniederjan and C. S. Moreno and J. H. Saltz and D. J. Brat},
  title = {Machine-based morphologic analysis of glioblastoma using whole-slide pathology images uncovers clinically relevant molecular correlates},
  journal = {PLOS ONE},
  year = {2013}
},

@article{moat,
  author = {M. D. Morris},
  title = {Factorial sampling plans for preliminary computational experiments},
  journal = {TECHNOMETRICS},
  year = {1991},
  volume = {33},
  number = {2},
  pages = {161--174}
},

@article{vbd,
  author = {V. G. Weirs and J. R. Kamm and L. P. Swiler and S. Tarantola and M. Ratto and B. M. Adams and W. J. Rider and M. S. Eldred},
  title = {Sensitivity analysis techniques applied to a system of hyperbolic conservation laws},
  journal = {RELIABILITY ENGINEERING \& SYSTEM SAFETY},
  year = {2012},
  volume = {107},
  pages = {157--170}
},

@article{motiv2,
  author = {F. Campolongo and J. Cariboni and A. Saltelli},
  title = {An effective screening design for sensitivity analysis of large models},
  journal = {ENVIRONMENTAL MODELLING \& SOFTWARE},
  year = {2007},
  volume = {22},
  number = {10},
  pages ={1509--1518}
},

@book{motiv3,
  title = {A review on global sensitivity analysis methods in Uncertainty Management in Simulation-Optimization of Complex Systems},
  publisher = {SPRINGER US},
  year = {2015},
  author = {B. Iooss and P. Lemaitre},
  volume = {59},
  pages = {101--122}
},

@article{rtf1,
  author = {G. Teodoro and T. Pan and T. Kurc and J. Kong and L. Cooper and S. Klasky and J. Saltz},
  title = {Region templates: Data representation and management for high-throughput image analysis},
  journal = {PARALLEL COMPUTING},
  year = {2014},
  volume = {40},
  number = {10},
  pages = {589--610}
},

@article{micro1,
  author = {J. Han and H. Chang and G. V. Fontenay and P. T. Spellman and A. Borowsky and B. Parvin},
  title = {Molecular bases of morphometric composition in Glioblastoma multiforme},
  journal = {9TH IEEE INTERNATIONAL SYMPOSIUM ON BIOMEDICAL IMAGING},
  year = {2012},
  pages = {1631--1634}
},

@article{micro2,
  author = {D. R. Patlolla and E. A. Bright and J. E. Weaver and A. M. Cheriyadat},
  title = {Accelerating satellite image based large-scale settlement detection with GPU},
  journal = {In Proceedings of the 1st ACM SIGSPATIAL International Workshop on Analytics for Big Geospatial Data},
  year = {2012},
  pages = {43--51}
},

@article{micro3,
  author = {A. K\"orbes and G. B. Vitor and R. de Alencar Lotufo and J. V. Ferreira},
  title = {Advances on watershed processing on GPU architecture},
  journal = {IN PROCEEDINGS OF THE 10TH INTERNATIONAL CONFERENCE ON MATHEMATICAL MORPHOLOGY},
  year = {2011}
},

@article{micro4,
  author = {E. C. Filippi-Chiela and M. M. Oliveira and B. Jurkovski and S. M. Callegari-Jacques and V. D. da Silva and G. Lenz},
  title = {Nuclear Morphometric Analysis (NMA): Screening of Senescence, Apoptosis and Nuclear Irregularities},
  journal = {PlOS ONE},
  year = {2012},
  volume = {7}
},

@article{micro5,
  author = {M. N. Gurcan and T. Pan, H. Shimada and J. Saltz},
  title = {Image analysis for neuroblastoma classification: segmentation of cell nuclei},
  journal = {CONF PROC IEEE ENG MED BIOL SOC},
  year = {2006},
  pages = {4844–-4847}
},

@article{micro6,
  author = {L. Cooper and D. Gutman and Q. Long and B. Johnson and S. Cholleti and T. Kurc and J. Saltz and D. Brat and C. Moreno},
  title = {The Proneural Molecular Signature Is Enriched in Oligodendrogliomas and Predicts Improved Survival among Diffuse Gliomas},
  journal = {PlOS ONE},
  year = {2010},
  volume = {5}
},

@article{micro7,
  author = {L. A. Cooper and J. Kong and D. A. Gutman and F. Wang and J. Gao and C. Appin and S. Cholleti and T. Pan and A. Sharma and L. Scarpace and T. Mikkelsen and T. Kurc and C. S. Moreno and D. J. Brat and J. H. Saltz},
  title = {Integrated morphologic analysis for the identification and characterization of disease subtypes},
  journal = {J AM MED INFORM ASSOC.},
  year = {2012},
  volume = {19},
  number = {2},
  pages = {317--323}
},

@inproceedings {micro8,
booktitle = {Eurographics Symposium on Parallel Graphics and Visualization},
editor = {Hank Childs and Torsten Kuhlen and Fabio Marton},
title = {{EAVL: The Extreme-scale Analysis and Visualization Library}},
author = {Meredith, Jeremy S. and Ahern, Sean and Pugmire, Dave and Sisneros, Robert},
year = {2012},
publisher = {THE EUROGRAPHICS ASSOCIATION},
ISSN = {1727-348X},
ISBN = {978-3-905674-35-4},
DOI = {10.2312/EGPGV/EGPGV12/021-030}
}

@article{rtf2,
  author = {George Teodoro and Tahsin M. Kurc and Luís F. R. Taveira and Alba C. M. A. Melo and Yi Gao and Jun Kong and Joel H. Saltz},
  title = {Algorithm sensitivity analysis and parameter tuning for tissue image segmentation pipelines},
  journal = {BIOINFORMATICS},
  year = {2017}
},

@article{moat2,
  author = {B. Iooss and P. Lemaitre},
  title = {A review on global sensitivity analysis methods},
  journal = {UNCERTAINTY MANAGEMENT IN SIMULATION-OPTIMIZATION OF COMPLEX SYSTEMS},
  year = {2015},
  volume = {59},
  pages = {101--122}
},

@article{reuse1,
  author = {T. Nakra and R. Gupta and M. Soffa},
  title = {Value prediction in VLIW Machines},
  journal = {INT. SYMP. COMPUTER ARCHITECTURE},
  year = {1999},
  pages = {258--269}
},

@article{reuse2,
  author = {A. Sodani and G. S.Sohi},
  title = {Dynamic instruction reuse},
  journal = {PROC. INT. SYMP. COMPUTER ARCHITECTURE},
  year = {1998},
  pages = {194--205}
},

@article{reuse3,
  author = {S. E. Richardson},
  title = {Caching function results: Faster arithmetic by avoiding unnecessary computation},
  journal = {Technical Report, SUN MICROSYSTEMS LABORATORIES},
  year = {1992},
  volume = {92},
  number = {1}
},

@article{reuse4,
  author = {Weidong Wang and A. Raghunathan and N.K. Jha},
  title = {Profiling Driven Computation Reuse: An Embedded Software Synthesis Technique for Energy and Performance Optimization},
  journal = {PROCEEDINGS. 17TH INTERNATIONAL CONFERENCE ON VLSI Design},
  year = {2004}
},


@article{reuse5,
  author = {Benjamin Mood and Debayan Gupta and Kevin Butler and Joan Feigenbaum},
  title = {Reuse It Or Lose It: More Efficient Secure Computation Through Reuse of Encrypted Values},
  journal = {PROCEEDINGS OF THE 2014 ACM SIGSAC CONFERENCE ON COMPUTER AND COMMUNICATIONS SECURITY},
  year = {2014},
  pages = {Pages 582--596}
},



@article{reuse6,
  author = {J. Van der Steen and J.L. Coenders and S. Pasterkamp and A. Rolvink and J. Van Steekelenburg},
  title = {Computational Reuse Optimisation for Stadium Design},
  journal = {PROCEEDINGS OF THE INTERNATIONAL ASSOCIATION FOR SHELL AND SPATIAL STRUCTURES},
  year = {2015}
},

@article{reuse7,
  author = {J. Goecks, A. Nekrutenko, J. Taylor},
  title = {Galaxy: a comprehensive approach for supporting accessible, reproducible, and transparent computational research in the life sciences},
  journal = {GENOME BIOL.},
  year = {2010},
  volume = {11},
  number = {8}
},

@article{reuse8,
  author = {Eugene Santos Jr. and Eunice E. Santos},
  title = {Effective computational reuse for energy evaluations in protein folding},
  journal = {INTERNATIONAL JOURNAL ON ARTIFICIAL INTELLIGENCE TOOLS},
  year = {2006},
  volume = {15},
  number = {5},
  pages = {725--739}
},


@article{reuse9,
  title = {Power-Efficient Accelerator Design for Neural Networks Using Computation Reuse},
  volume = {16},
  issn = {1556-6056},
  url = {http://ieeexplore.ieee.org/document/7393481/},
  doi = {10.1109/LCA.2016.2521654},
  pages = {72--75},
  number = {1},
  journal = {{IEEE} COMPUTER ARCHITECTURE LETTERS},
  author = {Yasoubi, Ali and Hojabr, Reza and Modarressi, Mehdi},
  urldate = {2017-12-12},
  date = {2017-01-01},
  file = {LCA.2016.2521654.pdf:/home/will/Zotero/storage/RWJPDM8G/LCA.2016.2521654.pdf:application/pdf}
}

@inproceedings{reuse10,
  title = {Compiler-directed dynamic computation reuse: rationale and initial results},
  shorttitle = {Compiler-directed dynamic computation reuse},
  pages = {158--169},
  booktitle = {Proceedings of the 32nd annual {ACM}/{IEEE} international symposium on Microarchitecture},
  publisher = {{IEEE} COMPUTER SOCIETY},
  author = {Connors, Daniel A. and Hwu, Wen-Mei W.},
  date = {1999},
  file = {p158-connors.pdf:/home/will/Zotero/storage/MRKGZ4NZ/p158-connors.pdf:application/pdf}
}

@article{reuse11,
  title = {Fuzzy memoization for floating-point multimedia applications},
  volume = {54},
  pages = {922--927},
  number = {7},
  journal = {{IEEE} TRANSACTIONS ON COMPUTERS},
  author = {Alvarez, Carlos and Corbal, Jesus and Valero, Mateo},
  date = {2005},
  file = {file000247.pdf:/home/will/Zotero/storage/I66N7HK9/file000247.pdf:application/pdf}
}


@article{reuse12,
  title = {Isogeometric computation reuse method for complex objects with topology-consistent volumetric parameterization},
  volume = {91},
  issn = {00104485},
  url = {http://linkinghub.elsevier.com/retrieve/pii/S0010448517300477},
  doi = {10.1016/j.cad.2017.04.002},
  pages = {1--13},
  journal = {COMPUTER-AIDED DESIGN},
  author = {Xu, Gang and Kwok, Tsz-Ho and Wang, Charlie C.L.},
  urldate = {2017-12-12},
  date = {2017-10},
  langid = {english},
  file = {1-s2.0-S0010448517300477-main.pdf:/home/will/Zotero/storage/HD22T2UN/1-s2.0-S0010448517300477-main.pdf:application/pdf}
}

@inproceedings{reuse13,
  title = {Low-power arithmetic unit for {DSP} applications},
  pages = {68--71},
  booktitle = {2011 INTERNATIONAL SYMPOSIUM ON SYSTEM ON CHIP ({SOC})},
  publisher = {{IEEE}},
  author = {Modarressi, Mehdi and Nikounia, Seyyed Hossein and Jahangir, Amir-Hossein},
  date = {2011},
  file = {06089696.pdf:/home/will/Zotero/storage/JEISQQDM/06089696.pdf:application/pdf}
}

@book{reuse14,
  title = {On the value locality of store instructions},
  volume = {28},
  number = {2},
  publisher = {{ACM}},
  author = {Lepak, Kevin M. and Lipasti, Mikko H.},
  date = {2000},
  file = {isca2k_final.pdf:/home/will/Zotero/storage/EHPAN9PC/isca2k_final.pdf:application/pdf}
}


@article{minkcut,
  author = {N. Guttmann-Beck and R. Hassin},
  title = {Approximation Algorithms for Minimum K-Cut},
  journal = {ALGORITMICA},
  year = {2000},
  volume = {27},
  pages = {198--207}
},

@article{mincut,
  author = {M. Stoer and F. Wagner},
  title = {A Simple Min-cut Algorithm},
  journal = {J. ACM},
  year = {1997},
  volume = {44},
  number = {4},
  pages = {585–-591}
},

@article{taverna,
  author = {Katherine Wolstencroft and Robert Haines and Donal Fellows and Alan Williams and David Withers and Stuart Owen and Stian Soiland-Reyes and Ian Dunlop and Aleksandra Nenadic and Paul Fisher and Jiten Bhagat and Khalid Belhajjame and Finn Bacall and Alex Hardisty and Abraham Nieva de la Hidalga and Maria P. Balcazar Vargas and Shoaib Sufi and Carole Goble},
  title = {The Taverna workflow suite: designing and executing workflows of Web Services on the desktop, web or in the cloud},
  journal = {NUCLEIC ACIDS RES},
  year = {2013}
},

@article{kong2013machine,
    author = {Jun Kong AND Lee A. D. Cooper AND Fusheng Wang AND Jingjing Gao AND George Teodoro AND  Tom Mikkelsen AND Matthew Schniederjan J. AND Carlos S. Moreno AND Joel H. Saltz AND Daniel J. Brat},
    journal = {PLOS ONE},
    publisher = {Public Library of Science},
    title = {Machine-Based Morphologic Analysis of Glioblastoma Using Whole-Slide Pathology Images Uncovers Clinically Relevant Molecular Correlates},
    year = {2013},
    doi = {10.1371/journal.pone.0081049}
}     

@article{opencv,
  author = {G. Bradski},
  title = {The OpenCV Library},
  journal = {DR. DOBB'S JOURNAL OF SOFTWARE TOOLS},
  year = {2000}
},

@article{dakota,
  author = {B. M. Adams and W. J. Bohnhoff and K. R. Dalbey and J. P. Eddy and M. S. Ebeida and M. S. Eldred and G Gerarci and P. D. Hough and K. T. Hu and J. D. Jakeman and K. A. Maupin and J. A. Monschke and E. M. Ridgway and Ahmad Rushdi and L. P. Swiler and J. A. Stephens and D. M. Vigil and T. M. Wildey},
  title = {Dakota, a multilevel parallel object-oriented framework for design optimization, parameter estimation, uncertainty quantification, and sensitivity analysis: Version 6.5 developers manual.  Technical Report SAND2014-5014, Sandia National Laboratories, Albuquerque,
NM},
  year = {2016}
},

B. M. Adams, W. J. Bohnhoff, K. R. Dalbey, J. P. Eddy, M. S. Ebeida, M. S. Eldred, G Gerarci, P. D.
Hough, K. T. Hu, J. D. Jakeman, K. A. Maupin, J. A. Monschke, E. M. Ridgway, Ahmad Rushdi, L. P.
Swiler, J. A. Stephens, D. M. Vigil, and T. M. Wildey. . Technical Report SAND2014-5014, Sandia National Laboratories, Albuquerque,
NM, Updated November 2016.

@article{,
  author = {},
  title = {},
  journal = {},
  year = {},
  volume = {},
  number = {},
  pages = {}
},












@article{Biolchini_2005_Systematicreviewin,
  author = {Biolchini, Jorge and Mian, P Gomes and Natali, A Candida Cruz and
  Travassos, G Horta},
  title = {Systematic review in software engineering},
  journal = {System Engineering and Computer Science Department COPPE/UFRJ, Technical
  Report ES},
  year = {2005},
  volume = {679},
  number = {05}
},

@article{greenwade93,
    author  = "George D. Greenwade",
    title   = "The {C}omprehensive {T}ex {A}rchive {N}etwork ({CTAN})",
    year    = "1993",
    journal = "TUGBoat",
    volume  = "14",
    number  = "3",
    pages   = "342--351"
},

@book{Knuth_1986_texbook,
  title = {The texbook},
  publisher = {Addison-Wesley Reading, MA, USA},
  year = {1986},
  author = {Knuth, Donald Ervin and Bibby, Duane},
  volume = {1993}
},

@book{lamport_latex:_1994,
  address = {Reading, Mass.},
  title = {{LATEX}: a document preparation system : user's guide and reference manual},
  isbn = {0201529831 9780201529838},
  shorttitle = {{LATEX}},
  publisher = {Addison-Wesley Pub. Co.},
  author = {Lamport, Leslie},
  year = {1994}
}

@book{newton1833philosophiae,
  title={Philosophiae naturalis principia mathematica},
  author={Newton, Isaac and Bernoulli, Daniel and MacLaurin, Colin and Euler, Leonhard},
  volume={1},
  year={1833},
  publisher={excudit G. Brookman; impensis TT et J. Tegg, Londini}
},

@MISC{Oetiker_1995_notsoshort,
  author = {Oetiker, Tobias and Partl, Hubert and Hyna, Irene and Schlegl, Elisabeth},
  title = {The not so short introduction to LATEX2$\varepsilon$},
  year = {1995},
  file = {Oetiker_1995_notsoshort.pdf:Oetiker_1995_notsoshort.pdf:PDF}
},

@article{scr2009,
  title={The 2009 simulated car racing championship},
  author={Loiacono, Daniele and Lanzi, Pier Luca and Togelius, Julian and Onieva, Enrique and Pelta, David A and Butz, Martin V and L{\"o}nneker, Thies D and Cardamone, Luigi and Perez, Diego and S{\'a}ez, Yago and others},
  journal={Computational Intelligence and AI in Games, IEEE Transactions on},
  volume={2},
  number={2},
  pages={131--147},
  year={2010},
  publisher={IEEE}
},

@misc{pinteric_latex_2004,
  title = {{LaTeX} on {Windows}},
  url = {http://www.pinteric.com/miktex.html},
  urldate = {2015-06-11},
  author = {Pinteric, Marko},
  file = {LaTeX on Windows:/home/gnramos/Dropbox/documents/config/zotero/storage/H4KEHQA5/miktex.html:text/html}
},

@book{covey_first_1995,
  title={First things first},
  author={Covey, Stephen R and Merrill, A Roger and Merrill, Rebecca R},
  year={1995},
  publisher={Simon and Schuster}
},

@misc{ppginf,
 author={PPGI/UnB},
 title={Regimento do Programa de P\'{o}s-gradua\c{c}\~{a}o em Inform\'{a}tica da Universidade de Bras\'{i}lia},
 howpublished={http://ppgi.unb.br/normatives},
 year={2013}
}
